
@book{silverman_rational_2015,
	address = {Cham},
	series = {Undergraduate {Texts} in {Mathematics}},
	title = {Rational {Points} on {Elliptic} {Curves}},
	isbn = {978-3-319-18587-3 978-3-319-18588-0},
	url = {https://link.springer.com/10.1007/978-3-319-18588-0},
	language = {en},
	urldate = {2023-04-25},
	publisher = {Springer International Publishing},
	author = {Silverman, Joseph H. and Tate, John T.},
	year = {2015},
	doi = {10.1007/978-3-319-18588-0},
	keywords = {ABC conjecture, complex multiplication, elliptic curve cryptography, elliptic curves, Fermat's last theorem, Frey curves, rational points},
	file = {Full Text PDF:C\:\\Users\\jorqu\\Zotero\\storage\\ZWQZME83\\Silverman and Tate - 2015 - Rational Points on Elliptic Curves.pdf:application/pdf},
}

@misc{bertram_algebraic_2016,
	title = {Algebraic {Geometry} ({Math} 6130) {Projective} {Varieties}},
	shorttitle = {Projective {Varieties}},
	url = {https://www.math.utah.edu/~bertram/6130/Projective.pdf},
	urldate = {2023-04-25},
	author = {Bertram, Aaron},
	year = {2016},
}
