
@book{loos_jordan_1975,
	address = {Berlin, Heidelberg},
	series = {Lecture {Notes} in {Mathematics}},
	title = {Jordan {Pairs}},
	volume = {460},
	isbn = {978-3-540-07166-2 978-3-540-37499-2},
	url = {http://link.springer.com/10.1007/BFb0080843},
	urldate = {2023-10-11},
	publisher = {Springer},
	author = {Loos, Ottmar},
	year = {1975},
	doi = {10.1007/BFb0080843},
	keywords = {Finite, Jordansches Paar},
	file = {Full Text PDF:C\:\\Users\\jorqu\\Zotero\\storage\\VHSHBBET\\Loos - 1975 - Jordan Pairs.pdf:application/pdf},
}

@misc{noauthor_book_nodate,
	title = {The {Book} of {Involutions}},
	url = {https://bookstore.ams.org/coll-44},
	urldate = {2023-10-11},
	file = {The Book of Involutions:C\:\\Users\\jorqu\\Zotero\\storage\\5ZCJH2P7\\coll-44.html:text/html},
}

@book{noauthor_taste_2004,
	address = {New York},
	series = {Universitext},
	title = {A {Taste} of {Jordan} {Algebras}},
	isbn = {978-0-387-95447-9},
	url = {http://link.springer.com/10.1007/b97489},
	language = {en},
	urldate = {2023-11-22},
	publisher = {Springer-Verlag},
	year = {2004},
	doi = {10.1007/b97489},
	keywords = {algebra, associative algebra, lie algebra, linear algebra, matrices, matrix, quadratic form},
	file = {Submitted Version:C\:\\Users\\jorqu\\Zotero\\storage\\Y5GXPIE4\\2004 - A Taste of Jordan Algebras.pdf:application/pdf},
}
